@book{solidstatephysicsbook,
	author = {Philip Hoffmann},
	year = {2015},
	title = {Solid State Physics. An Introduction 2nd ed.},
	publisher = {Wiley-VCH Berlin},
	?_edition  = "2nd ed."
}

@misc{atik414specs,
	title = {ATIK cameras spec sheets},
	howpublished = {\url{https://www.atik-cameras.com/specification-tables/}},
	note = {Accessed: 8th October 2021}
}

@book{handbookofccdastronomy,
	author = {Howell, S.},
	year = {2006},
	title = {Handbook of CCD Astronomy},
	publisher = {Cambridge: Cambridge University Press},
	edition = {2nd},
	doi = {10.1017/CBO9780511807909}
	note = {Cambridge Observing Handbooks for Research Astronomers}
}

@book{latex2e,
	author = {Leslie Lamport},
	year = {1994},
	title = {\LaTeX: a Document Preparation System},
	publisher = {Addison Wesley},
	address = {Massachusetts},
	edition = {2}
}

@article{knuth:1984,
	title={Literate Programming},
	author={Donald E. Knuth},
	journal={The Computer Journal},
	volume={27},
	number={2},
	pages={97--111},
	year={1984},
	publisher={Oxford University Press}
}

@inproceedings{lesk:1977,
	title={Computer Typesetting of Technical Journals on {UNIX}},
	author={Michael Lesk and Brian Kernighan},
	booktitle={Proceedings of American Federation of
	Information Processing Societies: 1977
	National Computer Conference},
	pages={879--888},
	year={1977},
	address={Dallas, Texas}
}