@article{firstexoplanet,
	author = {Mayor, M., Queloz, D. },
	title = {A Jupiter-mass companion to a solar-type star},
	year = {1995},
	howpublished = {Nature 378, 355–359 }, 
	doi = {\url{https://doi.org/10.1038/378355a0}}
}

@article{uosat,
	author = {Sweeting, M.N},
	title = {An investigation into cost-effective spacecraft engineering},
	year = {1982},
	howpublished = {J. Inst. Electr & Radio Eng., 363-378}
	publisher = {J. Inst. Electr & Radio Eng.}, 
	volume = {52}, 
	issue = {(8,9), 363-378}
}

@book{SSE,
	title = {Spacecraft Systems Engineering},
	publisher = {John Wiley \& Sons, Ltd, United Kingdom},
	author = {Fortescue, P, Swinerd, G., Stark, J.},
	year = {2011},
	edition = {4th ed.}	
}

@book{cubesatref,
	title = {Small Satellites: Past, Present, and Future},
	author = {Helvajian, H., Janson, S.W}
	year = {2009},
	publisher = {The Aerospace Press, AIAA, Resto, VA, USA}
	}

@misc{habitablezone,
	title = {The habitable zone},
	publisher = {NASA},
	howpublished = {\url{https://exoplanets.nasa.gov/search-for-life/habitable-zone/}},
	note = {Accessed: 2nd February 2022}
}

@misc{planetarchive,
title = {NASA exoplanet archive},
howpublished = {\url{https://exoplanetarchive.ipac.caltech.edu/}},
note = {Accessed: 2nd February 2022}
}

@misc{keplerlaunch,
	title = {Liftoff of the Kepler spacecraft},
howpublished = {\url{https://www.nasa.gov/mission_pages/kepler/launch/index.html}},
note = {Accessed: 31st March 2022}
}

@article{naturetransitfig,
author = {Deming, D., Knutson, H.A.},
title = {Highlights of exoplanetary science from Spitzer},
 howpublished = {Nat Astron 4, 453–466},
 year = {2020},
 doi = {\url{https://doi.org/10.1038/s41550-020-1100-9}}
}

@book{seagerintrotoexoplanets,
	title = {Introduction to exoplanets},
	author = {Seager, S},
	publisher = {University of Arizona Press: Tucson, AZ, USA},
	year = {2011},
	edition = {1st ed.}	
}

@book{astrofysiksystime, 
	title = {Astrofysik},
	publisher = {Systime},
	author = {Hans Kjeldsen, Ole Eggers Bjælde, Torben Arentoft},
	month = {August},
	year = {2018}
}

@misc{stepprodex,
	title = {STEP mission ESA PRODEX proposal},
	year = {2021}
}

@article{hatp7,
	author = {V. Van Eylen et al}, 
	year = {2013},
	journal = {ApJL 774 L19}
}
@MISC{2016ksci.rept....1V,
	author = {{Van Cleve}, Jeffrey E. and {Caldwell}, Douglas A.},
	title = "{Kepler Instrument Handbook}",
	keywords = {Kepler, K2},
	howpublished = {Kepler Science Document KSCI-19033-002, id.1. Edited by Michael R. Haas and Steve B. Howell},
	year = 2016,
	month = apr,
	eid = {1},
	pages = {1},
	adsurl = {https://ui.adsabs.harvard.edu/abs/2016ksci.rept....1V},
	adsnote = {Provided by the SAO/NASA Astrophysics Data System}
}

@book{solidstatephysicsbook,
	author = {Philip Hoffmann},
	year = {2015},
	title = {Solid State Physics. An Introduction 2nd ed.},
	publisher = {Wiley-VCH Berlin},
	edition  = {2nd ed.}
}

@misc{atik414specs,
	title = {ATIK cameras spec sheets},
	howpublished = {\url{https://www.atik-cameras.com/specification-tables/}},
	note = {Accessed: 8th October 2021}
}

@misc{avtcamspecs,
	title = {AVT Prosilica GC 660M camera data sheet}.
	howpublished = {\url{https://cdn.alliedvision.com/fileadmin/pdf/en/Prosilica_GC_660_DataSheet_V4.8.1_en.pdf}},
	note = {Accessed: 13th January 2022}
}

@misc{sonydatasheet,
	title = {Sony ICX285AL data sheet},
	howpublished = {\url{https://www.alldatasheet.com/datasheet-pdf/pdf/47475/SONY/ICX285AL.html}},
	note = {Accessed: 15th December 2021}
}

@book{handbookofccdastronomy,
	author = {Howell, S.},
	year = {2006},
	title = {Handbook of CCD Astronomy},
	publisher = {Cambridge: Cambridge University Press},
	edition = {2nd},
	doi = {10.1017/CBO9780511807909}
	note = {Cambridge Observing Handbooks for Research Astronomers}
}

@misc{CCDdatareductionguide,
	author = {Matthew Craig},
	year = {2020},
	title = {CCD data reduction guide},
	note = {Last visited Nov. 26, 2021}
}

@article{comphistmus,
	author = {David Laws},
	title = {Who invented the transistor?},
	month = {December},
	year = {2013},
	howpublished = {\url{https://computerhistory.org/blog/who-invented-the-transistor/?key=who-invented-the-transistor}},
	note = {Accessed: 13th December 2021}}

@article{ IEEMOS,
	author = {Eric R. Fossum; Donald B. Hondongwa} ,
	journal = {IEEE Journal of the Electron Devices},
	publisher = {IEEE Journal of the Electron Devices Society }, 
	volume = {2}, 
	issue = {3},
	month = {May},
	year = {2014},
	title = {A Review of the Pinned Photodiode for CCD and CMOS Image Sensors},
		howpublished = {\url{https://ieeexplore.ieee.org/document/6742594}},
	doi = {10.1109/JEDS.2014.2306412},
	note = {Accessed: 9th December 2021}}

@book{cameraisadetector,
	author = {Gustavson, Todd (2009)}, 
	title = {Camera: a history of photography from daguerreotype to digital}, publisher = {New York: Sterling Publishing Co., Inc.}
	}

@misc{ccdwiki,
	title = {Charge-coupled device}, 
	author = {Wikipedia contributors},
	publisher = {Publisher: Wikipedia, The Free Encyclopedia.}, 
	note = {Accessed: 13th December 2021, \url{https://en.wikipedia.org/wiki/Charge-coupled_device}}
	}

@misc{keplerfocalplaneimage,
		title = {Image of Kepler focal plane},
		note={\url{https://www.nasa.gov/mission\_pages/kepler/multimedia/images/kepler-focal-plane-assembly.html}. Accessed 31st March 2022}
	}
	
@misc{cubesatimage,
	title = {Illustration of a 12U cubesat in space},
	note = {\url{ https://www.endurosat.com/cubesat-store/all-cubesat-modules/1u-cubesat-platform/}. Accessed March 31st 2022.}
}

@misc{obsAstMichrichReadout,
title = {SPSP 373: Observational Astronomy },
author = {Michael Richmond},
publisher = {Rochester Institute of Technology},
note = {Accesed: 13th December 2021, \url{http://spiff.rit.edu/classes/phys373/lectures/readout/readout.html}}}

@misc{observationelastronomi,
	title = {Observationel Astronomi},
	author = {Poul Erik Nissen},
	publisher = {Institut for Fysik og Astronomi},
	month = {February},
	year = {2001}
	}

@book{SNRdef,
	author = {D. J. Schroeder},
	year = {1999},
	title = {Astronomical optics},
	publisher = {Academic Press},
	edition = {2nd},
	note = {p. 278, ISBN 978-0-12-629810-9.}
}

@misc{teledyneart,
	title = {How a CCD image sensor works – information pamphlet},
	publisher = {Teledyne Imaging},
	month = {January},
	year = {2020},
	note = {Accessed: December 13th 2021, \url{https://www.teledyneimaging.com/media/1300/2020-01-22_e2v_how-a-charge-coupled-device-works_web.pdf}}
	}

@article{photonnoise,
	title = {Thermal Noise and Correlations in Photon Detection}, 
	author = {Zmuidzinas, Jonas},
	journal = {Applied Optics},
	publisher = {Applied Optics America}, 
	volume = {42}, 
	issue = {25},
	doi = {https://doi.org/10.1364/AO.42.004989},
	year = {2003},
	note = {Accessed: 13th December 2021},
	howpublished = {\url{https://resolver.caltech.edu/CaltechAUTHORS:ZMUao03}}}

@article {cubesatexoplanet,
	Title = {A Cubesat Payload for Exoplanet Detection},
	Author = {Iuzzolino, Marcella and Accardo, Domenico and Rufino, Giancarlo and Oliva, Ernesto and Tozzi, Andrea and Schipani, Pietro},
	DOI = {10.3390/s17030493},
	Number = {3},
	Volume = {17},
	Month = {March},
	Year = {2017},
	Journal = {Sensors (Basel, Switzerland)},
	ISSN = {1424-8220},
	URL = {https://europepmc.org/articles/PMC5375779}
}

@software{larry_bradley_2020_4044744,
	author       = {Larry Bradley and
	Brigitta Sip{\H o}cz and
	Thomas Robitaille and
	Erik Tollerud and
	Z\`e Vin{\'{\i}}cius and
	Christoph Deil and
	Kyle Barbary and
	Tom J Wilson and
	Ivo Busko and
	Hans Moritz G{\"u}nther and
	Mihai Cara and
	Simon Conseil and
	Azalee Bostroem and
	Michael Droettboom and
	E. M. Bray and
	Lars Andersen Bratholm and
	P. L. Lim and
	Geert Barentsen and
	Matt Craig and
	Sergio Pascual and
	Gabriel Perren and
	Johnny Greco and
	Axel Donath and
	Miguel de Val-Borro and
	Wolfgang Kerzendorf and
	Yoonsoo P. Bach and
	Benjamin Alan Weaver and
	Francesco D'Eugenio and
	Harrison Souchereau and
	Leonardo Ferreira},
	title        = {astropy/photutils: 1.3.0},
	month        = sep,
	year         = 2021,
	publisher    = {Zenodo},
	version      = {1.3.0},
	doi          = {10.5281/zenodo.5796924},
	url          = {https://doi.org/10.5281/zenodo.5796924}
}

@book{SMAD,
	author = {Wiley J. Larson, James R. Wertz (editors)},
	year = {1999},
	title = {Space Mission Analysis and Design},
	publisher = {Microcosm Press, Kluwer Academic Publishers},
	edition = {3rd},
	note = {ISBN 1-881883-10-8}
}

@article{tessinstrumenthandbook,
title = {TESS instrument handbook},
author = {Roland Vanderspek, John P. Doty, Michael Fausnaugh, Jesus Noel S. Villaseñor, Jon M. Jenkins,	Zachory K. Berta-Thompson, Christopher J. Burke, George R. Ricker},
month = {December},
year = {2018}}

@article{tesscharacterization,
	author = {Thayer, C., J. Villasenor, S. Kissel, B. LaMarr, E. Morgan, G.
	Prigozhin, I. Prigozhin, et al.},
	title =  {Testing and Characterization of the
	TESS CCDs},
	journal = {Space Telescopes and Instrumentation 2016: Optical, Infrared,
	and Millimeter Wave},
	month = {July 29}
	year = {2016},
	doi = {http://dx.doi.org/10.1117/12.2232886},
	publisher = {SPIE-Intl Soc Optical Eng
	}
}

@article{ refId0,
	author = {{Auvergne, M.} and {Bodin, P.} and {Boisnard, L.} and {Buey, J.-T.} and {Chaintreuil, S.} and {Epstein, G.} and {Jouret, M.} and {Lam-Trong, T.} and {Levacher, P.} and {Magnan, A.} and {Perez, R.} and {Plasson, P.} and {Plesseria, J.} and {Peter, G.} and {Steller, M.} and {Tiph\`ene, D.} and {Baglin, A.} and {Agogu\'e, P.} and {Appourchaux, T.} and {Barbet, D.} and {Beaufort, T.} and {Bellenger, R.} and {Berlin, R.} and {Bernardi, P.} and {Blouin, D.} and {Boumier, P.} and {Bonneau, F.} and {Briet, R.} and {Butler, B.} and {Cautain, R.} and {Chiavassa, F.} and {Costes, V.} and {Cuvilho, J.} and {Cunha-Parro, V.} and {De Oliveira Fialho, F.} and {Decaudin, M.} and {Defise, J.-M.} and {Djalal, S.} and {Docclo, A.} and {Drummond, R.} and {Dupuis, O.} and {Exil, G.} and {Faur\'e, C.} and {Gaboriaud, A.} and {Gamet, P.} and {Gavalda, P.} and {Grolleau, E.} and {Gueguen, L.} and {Guivarc'h, V.} and {Guterman, P.} and {Hasiba, J.} and {Huntzinger, G.} and {Hustaix, H.} and {Imbert, C.} and {Jeanville, G.} and {Johlander, B.} and {Jorda, L.} and {Journoud, P.} and {Karioty, F.} and {Kerjean, L.} and {Lafond, L.} and {Lapeyrere, V.} and {Landiech, P.} and {Larqu\'e, T.} and {Laudet, P.} and {Le Merrer, J.} and {Leporati, L.} and {Leruyet, B.} and {Levieuge, B.} and {Llebaria, A.} and {Martin, L.} and {Mazy, E.} and {Mesnager, J.-M.} and {Michel, J.-P.} and {Moalic, J.-P.} and {Monjoin, W.} and {Naudet, D.} and {Neukirchner, S.} and {Nguyen-Kim, K.} and {Ollivier, M.} and {Orcesi, J.-L.} and {Ottacher, H.} and {Oulali, A.} and {Parisot, J.} and {Perruchot, S.} and {Piacentino, A.} and {Pinheiro da Silva, L.} and {Platzer, J.} and {Pontet, B.} and {Pradines, A.} and {Quentin, C.} and {Rohbeck, U.} and {Rolland, G.} and {Rollenhagen, F.} and {Romagnan, R.} and {Russ, N.} and {Samadi, R.} and {Schmidt, R.} and {Schwartz, N.} and {Sebbag, I.} and {Smit, H.} and {Sunter, W.} and {Tello, M.} and {Toulouse, P.} and {Ulmer, B.} and {Vandermarcq, O.} and {Vergnault, E.} and {Wallner, R.} and {Waultier, G.} and {Zanatta, P.}},
	title = {The CoRoT satellite in flight: description and performance*},
	DOI= "10.1051/0004-6361/200810860",
	url= "https://doi.org/10.1051/0004-6361/200810860",
	journal = {A\&A},
	year = 2009,
	volume = 506,
	number = 1,
	pages = "411-424",
}

@book{adcsbook,
title = {Spacecraft Attitude Determination And Control},
author = {James R. Wertz},
publisher = {D. Reidel Publishing Company, AA Dordrecht, Holland},
year = {1980}
}

@book{CCDbook,
	title = {Physics of semiconductor devices},
	author = {Kwok K.},
	year = {2007},
	edition = {3rd. ed.}
	publisher ={John Wiley and Sons. ISBN 978-0-471-14323-9.}
}

@misc{backilluone,
	title = {Back illuminated vs. front illuminated
	CCD-based imaging sensors and how
	it impacts Raman spectra, WHITE PAPER WP53197
	},
	author = {Robert Heintz}
	publisher = {thermoscientific},
	note = {Accessed: April 6th, \url{https://assets.thermofisher.com/TFS-Assets/MSD/Reference-Materials/WP53197-front-illuminated-vs-back-illuminated-CCDs-raman-spectra.pdf}}
}

@misc{backillutwo,
	title={The Back-Illuminated CCD: Improving Light Sensitivity } ,
	author={Robert Keim},
	month ={April},
	year={2020},
	publisher = {All About Circuits},
	note = {Accessed: April 6th, \url{https://www.allaboutcircuits.com/technical-articles/back-illuminated-ccd-improving-light-sensitivity/}}
	}

@misc{EM-CCD,
	title={What is an Electron Multiplying CCD (EMCCD) Camera} ,
	author={Coates, C., Mullan, A.},
	month ={June},
	year={2021},
	publisher = {Oxford Instruments},
	note = {Accessed: April 6th, \url{https://andor.oxinst.com/learning/view/article/electron-multiplying-ccd-cameras}}
}

@article{corotCharCCD,
	title={Calibration of flight model CCDs for the corot mission},
	author ={Vincent Lapeyrere, Pernelle Bernardi, Jean Tristan Buey
	},
	journal = {Scientific Detectors for Astronomy},
	year = {2005},
	publisher = {Springer},
	volume = {336}
}
@article{corotCharCCD2,
	title={The Camera of the CoRoT Space experiment: Design, tests and results.},
	author ={The CorotCam Team
	},
	journal = {Scientific Detectors for Astronomy},
	year = {2005},
	publisher = {Springer},
	volume = {336}
}

@article{keplermissionreq,
	title = {Kepler mission design, realized photometric performance, and early science},
	author={Koch, D. G., et. al.},
	journal = {The Astrophysical Journal Letters},
	volume = {713: L79-L86},
	year = {2010},
	month = {April 20},
	doi = {10.1088/2041-8205/713/2/L79},
	publisher = {IOP Publishing}
}

@article{keplerpipeline,
title = {Overview of the Kepler science processing pipeline},
author={Jenkins, J. M., et. al.},
journal = {The Astrophysical Journal Letters},
volume = {713: L87-L91},
year = {2010},
month = {April 20},
doi = {10.1088/2041-8205/713/2/L87},
publisher = {IOP Publishing}
}
@article{keplertimeseriessource,
	title = {Pre-Spectroscopic False Positive Elimination of Kepler Planet Candidates},
	author={N.M. Batalha, J.F. Rowe, R.L. Gilliland, J.J. Jenkins, D.A. Caldwell, W.J. Borucki, D. G. Koch, J.J. Lissauer, E.W. Dunham, T.N. Gautier, S.B. Howell, D.W. Latham, G.W. Marcy, A. Prsa},
	journal = {The Astrophysical Journal Letters},
	volume = {713: L103-L108},
	year = {2010},
	month = {April 20},
	doi = { 	
	https://doi.org/10.1088/2041-8205/713/2/L103},
	publisher = {IOP Publishing}
}


@article{keplerperformance,
	title = {Instrument performance in Kepler's first months},
	author={Caldwell, D. A., et. al.},
	journal = {The Astrophysical Journal Letters},
	volume = {713: L92-96},
	year = {2010},
	month = {April 20},
	doi = {10.1088/2041-8205/713/2/L92},
	publisher = {IOP Publishing}
}

@article{mostdescription, title = {The MOST Asteroseismology Mission: Ultraprecise Photometry from Space
	},
	author={Walker, G., et. al.},
	journal = {Publications of the Astronomical Society of the Pacific},
	volume = {115: 1023-1035},
	year = {2003},
	month = {September},
	publisher = {The Astronomical Society of the Pacific}}

@article{cheopsmission, 
	title = {The CHEOPS mission},
	journal = {Experimental Astronomy (2021) 51:109–151},
	doi = {\url{https://doi.org/10.1007/s10686-020-09679-4}}
	author = {Benz, W., et. al.},
	month = {September},
	year = {2020}
}
@article{cheopschar, 
	title = {Expected performances of the Characterising Exoplanet Satellite (CHEOPS) I. Photometric performances from ground-based calibration},
	journal = {Astronomy \& Astrophysics, A\&A 635, A22 (2020)},
	doi = {\url{https://doi.org/10.1051/0004-6361/201935977}}
	author = {Deline, A., et. al.},
	month = {August},
	year = {2019}
}

@book{noisefigbookdetector,
title = {Physics and engineering of radiation detection},
publisher = {Elsevier},
year = {2015},
author = {Syed Naeem Ahmed},
isbn = = {978-0-12-801363-2},
doi = {https://doi.org/10.1016/B978-0-12-801363-2.00022-X}
}